@article{breiman2001,
  author = {Breiman, Leo},
  doi = {10.1023/A:1010933404324},
  journal = {Machine Learning},
  language = {English},
  number = 1,
  pages = {5-32},
  publisher = {Kluwer Academic Publishers},
  timestamp = {2015-04-24T14:37:24.000+0200},
  title = {Random Forests},
  url = {http://dx.doi.org/10.1023/A%3A1010933404324},
  volume = 45,
  year = 2001
}


@article{scikit-learn,
 title={Scikit-learn: Machine Learning in {P}ython},
 author={Pedregosa, F. and Varoquaux, G. and Gramfort, A. and Michel, V.
         and Thirion, B. and Grisel, O. and Blondel, M. and Prettenhofer, P.
         and Weiss, R. and Dubourg, V. and Vanderplas, J. and Passos, A. and
         Cournapeau, D. and Brucher, M. and Perrot, M. and Duchesnay, E.},
 journal={Journal of Machine Learning Research},
 volume={12},
 pages={2825--2830},
 year=2011
}
